@article{RN1,
   url ={https://thehackernews.com/2016/09/hack-tesla-autopilot.html},
   author = { Khandelwal, Swati},
   title = {Hackers take Remote Control of Tesla's Brakes and Door locks from 12 Miles Away},
   year = {2016},
}

@misc{RN2,
   author = {Chi, Clifford},
   title = {IoT Security: Why Experts Are Scared -- And What You Can Do to Protect Yourself},
   year = {2018},
}


@misc{RN3,
author = {Ersue, Mehmet and Romascanu, Dan and Schönwälder, Jürgen and Sehgal, Anuj},
year = {2015},
title = {Management of Networks with Constrained Devices: Use Cases},
doi = {10.17487/RFC7548}
}

@misc{RN4,
   url = {http://www.wiomax.com/what-can-the-smart-iot-transform-transportation-and-smart-cities/},
   author = {Xie Ph.D., Xiao-Feng },
   title = {Key Applications of the Smart IoT to Transform Transportation},
   year = {2016},
   type = {Generic}
}

@misc{RN5,
   url = {https://www.csoonline.com/article/3133992/security/ddos-knocks-down-dns-datacenters-across-the-u-s-affected.html},
   author = {Ragan, Steve},
   title = {DDoS knocks down DNS, data centers across the U.S. affected},
   year = {2018},
   type = {Generic}
}

@misc{RN6,
   url = {https://www.csoonline.com/article/3258748/security/the-mirai-botnet-explained-how-teen-scammers-and-cctv-cameras-almost-brought-down-the-internet.html},
   author = {Fruhlinger, Josh},
   title = {The Mirai botnet explained: How teen scammers and CCTV cameras almost brought down the internet},
   year = {2018},
   type = {Generic}
}

@misc{RN7,
   url = {https://www.symantec.com/connect/blogs/how-my-tv-got-infected-ransomware-and-what-you-can-learn-it},
   author = {Wueest, Candid},
   title = {How my TV got infected with ransomware and what you can learn from it},
   year = {2015},
   type = {Generic}
}

@misc{RN8,
   url = {https://www.gartner.com/en/newsroom/press-releases/2017-02-07-gartner-says-8-billion-connected-things-will-be-in-use-in-2017-up-31-percent-from-2016},
   title = {Gartner Says 8.4 Billion Connected "Things" Will Be in Use in 2017, Up 31 Percent From 2016},
   year = {2017},
   type = {Generic}
}

@misc{RN9,
   url = {https://www.businessinsider.com/internet-of-things-smart-home-automation-2016-8},
   author = {Meola, Andrew},
   title = {How IoT & smart home automation will change the way we live},
   year = {2016},
   type = {Generic}
}

@misc{RN10,
   url = {https://www.cisco.com/c/en/us/solutions/collateral/service-provider/visual-networking-index-vni/mobile-white-paper-c11-520862.html},
   title = {Cisco Visual Networking Index: Global Mobile Data Traffic Forecast Update, 2016–2021 White Paper},
   year = {2017},
   type = {Generic}
}

@misc{RN11,
   url = {https://www.cisco.com/c/en/us/solutions/collateral/service-provider/visual-networking-index-vni/white-paper-c11-741490.html},
   title = {Cisco Visual Networking Index: Forecast and Trends, 2017–2022},
   year = {2018},
   type = {Generic}
}

@misc{RN12,
   url = {https://www.theregister.co.uk/2006/07/24/ransomware/},
   author = {DeNisco Rayome, Alison},
   title = {Report: Mobile ransomware attacks 'soared' in 2017, up 250\% in Q1},
   year = {2017},
   type = {Generic}
}

@article{RN13,
title = "Experimental Analysis of Ransomware on Windows and Android Platforms: Evolution and Characterization",
journal = "Procedia Computer Science",
volume = "94",
pages = "465 - 472",
year = "2016",
note = "The 11th International Conference on Future Networks and Communications (FNC 2016) / The 13th International Conference on Mobile Systems and Pervasive Computing (MobiSPC 2016) / Affiliated Workshops",
issn = "1877-0509",
doi = "https://doi.org/10.1016/j.procs.2016.08.072",
url = "http://www.sciencedirect.com/science/article/pii/S1877050916318221",
author = " Monika and Pavol Zavarsky and Dale Lindskog",
}

@misc{RN15,
   url = {https://cdn.sonicwall.com/sonicwall.com/media/pdfs/resources/2018-snwl-cyber-threat-report.pdf},
   title = {2018 SONICWALL CYBER THREAT REPORT},
   year = {2018},
   type = {Web Page}
}

@misc{RN16,
   url = {https://medium.com/un-hackable/the-bizarre-pre-internet-history-of-ransomware-bb480a652b4b},
   author = {Simone, Alina},
   title = {The Strange History of Ransomware},
   year = {2015},
   type = {Generic}
}

@misc{RN17,
   url = {https://www.latimes.com/business/hiltzik/la-fi-mh-2016-is-the-year-of-ransomware-20160308-column.html},
   author = {Hiltzik, Mitchell},
   title = {2016 is shaping up as the year of ransomware -- and the FBI isn't helping},
   year = {2016},
   type = {Web Page}
}

@article{RN14,
   author = {Richardson, Ronny and North, Max},
   title = {Ransomware: Evolution, mitigation and prevention},
   journal = {International Management Review},
   volume = {13},
   number = {1},
   pages = {10-21},
   ISSN = {1551-6849},
   year = {2017},
   type = {Journal Article}
}

@misc{RN18,
    title = {https://www.vpnanswers.com/wp-content/uploads/2017/05/
    mobile\_ransom\_report\_eng\_41-e1495156274778.png}
}

@misc{RN19,
    title = {https://www.incapsula.com/web-application-security/wp-content/uploads/sites/6/2018/02/man-in-the-middle-mitm.jpg}
}

@article{RN20,
   author = {Agrawal, Monika and Mishra, Pradeep},
   title = {A comparative survey on symmetric key encryption techniques},
   journal = {International Journal on Computer Science and Engineering},
   volume = {4},
   number = {5},
   pages = {877},
   ISSN = {0975-3397},
   year = {2012},
   type = {Journal Article}
}

@misc{RN21,
   url = {http://voices.washingtonpost.com/securityfix/2008/06/ransomware_encrypts_victim_fil.html},
   author = {Krebs, Brian},
   title = {Ransomware Encrypts Victim Files With 1,024-Bit Key},
   year = {2008},
   type = {Generic}
}

@misc{RN22,
   url = {https://www.theregister.co.uk/2006/07/24/ransomware/},
   author = {Leyden, John},
   title = {Ransomware getting harder to break},
   year = {2006},
   type = {Generic}
}

@misc{RN23,
   url = {https://medium.com/un-hackable/the-bizarre-pre-internet-history-of-ransomware-bb480a652b4b},
   author = {Simone, Alina},
   title = {The Strange History of Ransomware},
   year = {2015},
   type = {Generic}
}

@article{RN24,
   author = {Young, Adam L. and Yung, Moti},
   title = {Cryptovirology: the birth, neglect, and explosion of ransomware},
   journal = {Commun. ACM},
   volume = {60},
   number = {7},
   pages = {24-26},
   ISSN = {0001-0782},
   DOI = {10.1145/3097347},
   year = {2017},
   type = {Journal Article}
}

@inproceedings{RN25,
   author = {Kharraz, Amin and Robertson, William and Balzarotti, Davide and Bilge, Leyla and Kirda, Engin},
   title = {Cutting the gordian knot: A look under the hood of ransomware attacks},
   booktitle = {International Conference on Detection of Intrusions and Malware, and Vulnerability Assessment},
   publisher = {Springer},
   pages = {3-24},
   type = {Conference Proceedings}
}

@article{RN26,
   author = {Maurya, AK and Kumar, N and Agrawal, A and Khan, RA},
   title = {Ransomware: Evolution, Target and Safety Measures},
   year = {2018},
   type = {Journal Article}
}

@misc{RN28,
   author = {Rivest, R.L. Shamir, A. and Adleman,  L.},
   title = {A Method for Obtaining Digital Signatures and Public-Key Cryptosystems},
   year = {1977},
   type = {Generic}
}

@misc{RN29,
   author = {Brewer, Ross},
   title = {Ransomware attacks: detection, prevention and cure},
   year = {2016},
   type = {Generic}
}

@misc{RN30,
   author = {Bellare, Mihir and Rogaway, Phillip},
   title = {Introduction to Modern Cryptography},
   year = {2005},
   type = {Generic}
}



@article{RN32,
   author = {Agrawal, Monika and Mishra, Pradeep},
   title = {A comparative survey on symmetric key encryption techniques},
   journal = {International Journal on Computer Science and Engineering},
   volume = {4},
   number = {5},
   pages = {877},
   ISSN = {0975-3397},
   year = {2012},
   type = {Journal Article}
}

@book{RN33,
   author = {Baig, Zubair},
   title = {Ransomware: Emergence of the Cyber-Extortion Menace},
   DOI = {10.13140/RG.2.1.2529.1602},
   year = {2015},
   type = {Book}
}

@misc{RN34,
   url = {https://www.zdnet.com/article/cryptolockers-crimewave-a-trail-of-millions-in-laundered-bitcoin/},
   author = {Blue, Violet},
   title = {CryptoLocker's crimewave: A trail of millions in laundered Bitcoin},
   year = {2013},
   type = {Generic}
}


@misc{RN36,
   url = {https://www.newyorker.com/magazine/2011/10/10/the-crypto-currency},
   author = {Davis, Joshua},
   title = {The Crypto-Currency: Bitcoin and its mysterious inventor.},
   year = {2011},
   type = {Generic}
}

@misc{RN37,
   url = {https://www.theguardian.com/technology/2014/jul/25/new-ransomware-employs-tor-onion-malware},
   author = {Hern, Alex},
   title = {New ransomware employs Tor to stay hidden from security},
   year = {2014},
   type = {Generic}
}

@misc{RN39,
   volume = {2018},
   number = {Sept. 26},
   url = {https://www.tomsguide.com/us/what-is-tor-faq,news-17754.html},
   author = {Scharr, Jill},
   title = {What Is Tor? Answers to Frequently Asked Questions},
   year = {2013},
   type = {Web Page}
}

@misc{RN40,
   url = {https://medium.com/un-hackable/the-bizarre-pre-internet-history-of-ransomware-bb480a652b4b},
   author = {Simone, Alina},
   title = {The Strange History of Ransomware},
   year = {2015},
   type = {Generic}
}